<record><leader>00000cas a22000007a 4500</leader><controlfield tag="001">15341367</controlfield><controlfield tag="008">870318d18791886iauwr ne      0    0eng d</controlfield><datafield ind1=" " ind2=" " tag="010"><subfield code="a">sn 87057191 </subfield></datafield><datafield ind1=" " ind2=" " tag="040"><subfield code="a">INP</subfield><subfield code="b">eng</subfield><subfield code="c">INP</subfield><subfield code="d">OCLCQ</subfield></datafield><datafield ind1=" " ind2=" " tag="042"><subfield code="a">msc</subfield></datafield><datafield ind1="0" ind2=" " tag="130"><subfield code="a">Democrat-reporter (Leon, Iowa)</subfield></datafield><datafield ind1="1" ind2="0" tag="245"><subfield code="a">Democrat-reporter.</subfield></datafield><datafield ind1=" " ind2=" " tag="260"><subfield code="a">Leon, Decatur County, Iowa :</subfield><subfield code="b">[s.n.]</subfield></datafield><datafield ind1=" " ind2=" " tag="300"><subfield code="a">v. :</subfield><subfield code="b">ill. ;</subfield><subfield code="c">50 cm.</subfield></datafield><datafield ind1=" " ind2=" " tag="310"><subfield code="a">Weekly</subfield></datafield><datafield ind1="1" ind2=" " tag="362"><subfield code="a">Issued 1879-1886?</subfield><subfield code="z">Cf. Bibl. of Iowa newspapers.</subfield></datafield><datafield ind1=" " ind2=" " tag="515"><subfield code="a">Issues for &lt;July 13, 1882&gt; called also &lt;v. 7, no. 44&gt; in continuation of numbering of: Leon reporter (Leon, Iowa : 1875).</subfield></datafield><datafield ind1=" " ind2=" " tag="588"><subfield code="a">Description based on: Vol. 3, no. 33 (July 13, 1882).</subfield></datafield><datafield ind1=" " ind2=" " tag="752"><subfield code="a">United States</subfield><subfield code="b">Iowa</subfield><subfield code="c">Decatur</subfield><subfield code="d">Leon.</subfield></datafield><datafield ind1="0" ind2="4" tag="780"><subfield code="t">Democrat (Leon, Iowa : 1879)</subfield></datafield><datafield ind1="0" ind2="4" tag="780"><subfield code="t">Leon reporter (Leon, Iowa : 1875)</subfield><subfield code="w">(DLC)sn 84038296</subfield></datafield><datafield ind1="0" ind2="5" tag="780"><subfield code="t">Decatur County press</subfield><subfield code="g">1881</subfield></datafield><datafield ind1="0" ind2="0" tag="785"><subfield code="t">Leon reporter (Leon, Iowa : 1887)</subfield><subfield code="w">(DLC)sn 87057096</subfield></datafield></record>